% This file was created with JabRef 2.5.
% Encoding: UTF-8
% See the "IEEEtran_bst_HOWTO.pdf" manual for usage information.

@article{silva2009simulaccao,
  title={Simula{\c{c}}{\~a}o empregando an{\'a}lise estat{\'\i}stica de energia (SEA) e verifica{\c{c}}{\~a}o experimental de perda de transmiss{\~a}o sonora de um painel sandu{\'\i}che},
  author={Silva, Melzak Marques da and others},
  year={2009},
  publisher={Florian{\'o}polis, SC}
}


@phdthesis{lenzi2009modelos,
  title={Modelos vibroac{\'u}sticos de m{\'e}dias e altas frequ{\^e}ncias de pain{\'e}is aeron{\'a}uticos de comp{\'o}sitos},
  author={Lenzi, Marcos Souza},
  year={2009},
  school={Universidade Federal de Santa Catarina, Centro Tecnol{\'o}gio, Programa de P{\'o}s-Gradua{\c{c}}{\~a}o em Engenharia Mec{\^a}nica, Florian{\'o}polis}
}

@article{potencia,
  title={Scanning paths for estimating sound power of noise sources by sound intensity scanning method},
  author={Gan, Jian},
  journal={Chinese Journal of Acoustics},
  volume={18},
  number={4},
  pages={353--359},
  year={1999}
}

@book{sale2014testing,
  title={Testing Python: Applying Unit Testing, TDD, BDD and Acceptance Testing},
  author={Sale, David},
  year={2014},
  publisher={John Wiley \& Sons}
}

@book{bistafa,
  title={Acústica aplicada ao controle de ruído},
  author={BISTAFA, SYLVIO R},
  year={2011},
  publisher={2° edição – São Paulo}
}

@inproceedings{bdd_validacao,
  title={Automated validation of software models},
  author={Sims, Scott},
  booktitle={Automated Software Engineering, 2001.(ASE 2001). Proceedings. 16th Annual International Conference on},
  pages={91--96},
  year={2001},
  organization={IEEE}
}

@www{3_bellware_2008,
     author={Bellware, Scott},
     title={Behavior-Driven Development},
     urlaccessdate = "\today",
     url={http://www.codemag.com/article/0805061},
     journal={Codemag.com},
     year={2008},
    }

@www{2_bottke_2014,
     author={Bottke, Lars},
     title={Agile Business Analysis with Behavior-Driven Development},
     urlaccessdate = "\today",
     url={http://www.agilerecord.com/agile-business-analysis-behavior-driven-development-bdd-invest-smart/},
     journal={Agile Record},
     year={2014},
    }

@www{1_davies_2012,
 author={Davies, Rachel},
title={BDD in a Nutshell - Agile Coaching},
urlaccessdate = "\today",
 url={http://agilecoach.typepad.com/agile-coaching/2012/03/bdd-in-a-nutshell.html},
 journal={Agilecoach.typepad.com},
 year={2012}}

@www{4_hellesoy_2014,
 author={Hellesøy, Aslak},
title={The world's most misunderstood collaboration tool·Cucumber},
urlaccessdate = "\today",
 url={https://cukes.info/blog/2014/03/03/the-worlds-most-misunderstood-collaboration-tool},
 journal={Cukes.info},
 year={2014}}

@www{6_north_2006,
author={North, Dan},
 title={Introducing BDD},
urlaccessdate = "\today",
 url={http://dannorth.net/introducing-bdd/},
 journal={Dan North & Associates},
 year={2006}}

@www{7_north_2007,
 author={North, Dan},
title={What's in a Story?},
 url={http://dannorth.net/whats-in-a-story/},
urlaccessdate = "\today",
 journal={Dan North & Associates},
 year={2007}}

@www{5_rice_jones_engel_2012,
 author={Rice, Benno and Jones, Richard and Engel, Jens},
 title={Welcome to behave!},
urlaccessdate = "\today",
 url={http://pythonhosted.org/behave/},
 journal={Pythonhosted.org},
 year={2012}}

@article{8_solis_wang_2011,
    author={Solis, Carlos and Wang, Xiaofeng},
    title={A Study of the Characteristics of Behaviour Driven Development},
    DOI={10.1109/seaa.2011.76},
    journal={2011 37th EUROMICRO Conference on Software Engineering and Advanced Applications},
    year={2011}}

@www{9_dados_2011,
     author={Dados Abertos, Lei},
     title={Lei de Acesso a Informação Pública (12.527/2011)},
     urlaccessdate = "\today",
     url={http://www.presidencia.gov.br/ccivil_03/_Ato2011-2014/2011/Lei/L12527.htm},
     journal={Presidência da República},
     year={2011},
    }

@article{mareze2013analise, title={An{\'a}lise da influ{\^e}ncia da microgeometria na absor{\c{c}}{\~a}o sonora de materiais porosos de estrutura r{\'\i}gida}, author={Mareze, Paulo Henrique and others}, year={2013} }


% This file was created with JabRef 2.7.2. % Encoding: Cp1252 % This file was created with JabRef 2.7. % Encoding: UTF8 @misc{standard210534, title={10534-2: Determination of sound absorption coefficient and impedance in impedance tubes}, author={Standard, ISO}, publisher={Part} } @article{delany1970acoustical, title={Acoustical properties of fibrous absorbent materials}, author={Delany, ME and Bazley, EN}, journal={Applied acoustics}, volume={3}, number={2}, pages={105--116}, year={1970}, publisher={Elsevier} }  @book{olson1947elements, title={Elements of acoustical engineering}, author={Olson, Harry Ferdinand}, year={1947}, publisher={D. Van Nostrand Company} } @book{fahy2000foundations, title={Foundations of engineering acoustics}, author={Fahy, Frank J}, year={2000}, publisher={Academic Press} } @book{everest2001master, title={The master handbook of acoustics}, author={Everest, Frederick Alton}, volume={4}, year={2001}, publisher={McGraw-Hill New York} } @book{beranek1992noise, title={Noise and vibration control engineering}, author={Beranek, Leo L and V{\'e}r, Istv{\'a}n L}, year={1992}, publisher={John Wiley \& Sons} } @book{long2005architectural, title={Architectural acoustics}, author={Long, Marshall}, page = {2}, year={2005}, publisher={Elsevier} } @book{brandaoapostila, title={Apostila de acústica de salas}, author = {Brand{\~a}o, Eric}, year={2014}, publisher = {Universidade Federal de Santa Maria} } @book{hopkins2012sound, title={Sound insulation}, author={Hopkins, Carl}, year={2012}, publisher={Routledge} } @book{vigran2008building, title={Building acoustics}, author={Vigran, Tor Erik}, year={2008}, publisher={CRC Press} } @book{filippi1998acoustics, title={Acoustics basic physics, theory, and methods}, author={Filippi, Paul and Bergassoli, Aime and Habault, Dominique and Lefebvre, Jean Pierre}, year={1998}, publisher={Academic Press} } @misc{fahy1987sound, title={Sound and structural vibrations}, author={Fahy, Frank J}, year={1987}, publisher={Academic Press} } @book{kinslerfundamentals, title={Fundamentals of acoustics}, author={Kinsler, LE and Frey, Austin R and Coppens, Alan B and Sanders, James V}, year={2000}, publisher={John Wiley \& Sons}, } @book{sharp1973study, title={A study of techniques to increase the sound insulation of building elements}, author={Sharp, Ben H}, year={1973}, publisher={US Department of Commerce, National Technical Information Service (NTIS)} } @article{da2004perda, title={Perda de transmiss{\~a}o sonora em paredes de alvenaria de tijolo maci{\c{c}}o cer{\^a}mico}, author={da Paix{\~a}o, Dinara Xavier and Gerges, Samir Nagi Yousri}, journal={Ambiente Constru{\'\i}do}, year={2004} } @book{mendez1994acustica, title={Acustica arquitectonica}, author={M{\'e}ndez, Antonio and Stornini, Alberto J and Salazar, Estela B and Giuliano, Gustavo and Velis, Ariel and Amarilla, Beatriz}, journal={UMSA, Buenos Aires, Argentina}, year={1994} } @book{shin2008fundamentals, title={Fundamentals of signal processing for sound and vibration engineers}, author={Shin, Kihong and Hammond, Joseph}, year={2008}, publisher={John Wiley \& Sons} } @book{sabine1900reverberation, title={Reverberation}, author={Sabine, Wallace C}, journal={The American Architect}, year={1900} } @book{oppenheim1983signals, title={Signals and systems}, author={Oppenheim, Alan V and Willsky, Alan S and Nawab, Syed Hamid}, volume={2}, year={1983}, publisher={Prentice-Hall Englewood Cliffs, NJ} } @book{fonseca2013beamforming, title={Beamforming considerando difra{\c{c}}{\~a}o ac{\'u}stica em superf{\'\i}cies cil{\'\i}ndricas}, author={Fonseca, William D'Andrea}, year={2013}, school={Universidade Federal de Santa Catarina} } @book{havelock2008handbook, title={Handbook of signal processing in acoustics}, author={Havelock, David and Kuwano, Sonoko and Vorl{\"a}nder, Michael}, volume={1}, year={2008}, publisher={Springer} } @book{andrade2002tecnicas, title={T{\'e}cnicas de janelamento de sinais}, author={ANDRADE, Adriano O and Soares, AB}, journal={Universidade Federal de Uberl{\^a}ndia-Faculdade de Engenharia El{\'e}trica}, year={2002} } @book{rossing2007springer, title={Springer handbook of acoustics}, author={Rossing, Thomas D}, year={2007}, publisher={Springer} } @book{kuttruff2007acoustics, title={Acoustics: An Introduction}, author={Kuttruff, Heinrich}, year={2007}, publisher={CRC Press} } @book{davis2006sound, title={Sound system engineering}, author={Davis, Don and Patronis, Eugene}, year={2006}, publisher={Taylor \& Francis} } @book{bistafa2008acustica, title={Ac{\'u}stica aplicada ao controle do ru{\'\i}do}, author={Bistafa, Sylvio Reynaldo}, year={2008}, publisher={Edgard Bl{\"u}cher} } @book{vetterli2014foundations, title={Foundations of signal processing}, author={Vetterli, Martin and Goyal, Vivek K and Kovacevic, Jelena}, year={2014}, publisher={Cambridge Univ. Press} } @book{2dsda, author = {ISO:3382-2}, title ={Acoustics — Measurement of room acoustic parameters —}, publisher = {Part 2: Reverberation time in ordinary rooms.}, year = {2008}. } @book{iso354, author = {ISO:354}, title ={Acoustics — Measurement of sound absorption in a reverberation room —}, year = {2003}. } @book{iso7171, author={ISO:717-1}, title={ Acoustics — Rating of sound insulation in buildings and of building elements —}, year={2013} } @book{iso1403, author = {ISO:10140-2}, title ={Acoustics -- Laboratory measurement of sound insulation of building elements}, year = {2010}. } @article{neto2006caracterizaccao, title={Caracteriza{\c{c}}{\~a}o do isolamento ac{\'u}stico de uma parede de alvenaria estrutural de blocos cer{\^a}micos}, author={NETO, Nestor Alves dos Santos}, journal={Programa de P{\'o}s Gradua{\c{c}}{\~a}o em Engenahria Civil, Universidade Federal de Santa Maria}, year={2006} } @book{matos1995manual, title={Manual operacional para a regress{\~a}o linear}, author={Matos, Manuel Ant{\'o}nio}, journal={FEUP, Porto, Portugal}, year={1995} } @book{toutonge2006projeto, title={Projeto e constru{\c{c}}{\~a}o de c{\^a}maras reverberantes em escala reduzida para o estudo das caracter{\'\i}sticas de perda de transmiss{\~a}o de divis{\'o}rias confeccionadas a partir de materiais regionais}, author={TOUTONGE, Jos{\'e} de Aviz}, year={2006} } @book{righi2013projeto, title={Ferramenta para análise do desempenho ac{\'u}stico das edifica{\c{c}}{\~o}es para fins de financiamento imobili{\'a }rio}, author={Paulo Righi}, year={2013} }
